@misc{feickert,
  author = {A. Feickert},
  title = {{The Joint Tactical Radio System (JTRS) and the Army's Future Combat System (FCS): Issues for Congress}},
  booktitle = {Publication for Congress by Foreign Affairs, Defense, and Trade Division},
  month = {{November}},
  year = {{2005}}
}

@inproceedings{hadynski+lrwz,
  author = {G. Hadynski, S. B. Lee, G. Rajappan, R. Sundaram, X. Wang and F. Zhou},
  title = {{ Optimization of Directional Antenna Network Topology in Airborne Networks}}, 
  booktitle = {MILCOM},
  year = {2010}
}

@inproceedings{cha-2009-cascades,
  author = {Meeyoung Cha and Alan Mislove and Ben Adams and Krishna Gummadi},
  title = {{Characterizing Social Cascades in Flickr}}, 
  booktitle = {WOSN},
  year = {2008}
}

@inproceedings{mislove-2008-growth,
  author = {Alan Mislove and Hema Koppula and Krishna Gummadi and Peter Druschel and Bobby Bhattacharjee},
  title = {{Growth of the Flickr Social Network}}, 
  booktitle = {WOSN},
  year = {{2008}}
}

@misc{osn-mpi-sws,
  key = {Online social networks research at MPI-SWS},
  title = {Online social networks research at MPI-SWS},
  note = {\url{http://socialnetworks.mpi-sws.org}}
}

@misc{leicht-2009-percolation,
  author = {E. A. Leicht and Raissa M. D'Souza},
  title = {Percolation on interacting networks},
  note = {\url{http://arxiv.org/abs/0907.0894}}
}

@article{fortz-2002-traffic,
  author = {B. Fortz and J. Rexford and M. Thorup},
  title = {Traffic engineering with traditional {IP} routing protocols},
  journal = {IEEE Comm.\ Magazine},
  volume = {40},
  year = 2002
}

@inproceedings{byers-2011-groupon,
  author = {John W. Byers and Michael Mitzenmacher and Georgios Zervas},
  title = {Daily Deals: Prediction, Social Diffusion, and Reputational Ramifications},
  booktitle={Proc. of 5th Int'l Conf. on Web Search and Data Mining (WSDM)},
  year = {{2012}},
}

@inproceedings{mislove-2007-socialnetworks,
  author = {Alan Mislove and Massimiliano Marcon and Krishna P. Gummadi and Peter Druschel and Bobby Bhattacharjee},
  title = {{Measurement and Analysis of Online Social Networks}},
  booktitle = {IMC},
  year = {{2007}}
}

@inproceedings{viswanath-2010-sybil,
  author = {Bimal Viswanath and Ansley Post and Krishna P. Gummadi and Alan Mislove},
  title = {{An Analysis of Social Network-based Sybil Defenses}},
  booktitle = {SIGCOMM},
  year = 2010
}

@inproceedings{lass-2010-whanau,
 author = {Chris Lesniewski-Laas and M. Frans Kaashoek},
 title = {Wh\=anau: A Sybil-proof Distributed Hash Table},
 booktitle = {NSDI},
 year = {2010}
 }

@book{mitzenmacher-2005-fastmixing,
  author = {M. Mitzenmacher and E. Upfal},
  title = {Probability and Computing},
  publisher = {Cambridge University Press},
  address = {Cambridge, UK},
  year = {2005}
}

@inproceedings{post-2011-bazaar,
  author = {Ansley Post and Vijit Shah and Alan Mislove},
  title = {{Bazaar: Strengthening user reputations in online marketplaces}},
  booktitle = {{NSDI}},
  year = {{2011}}
}

@inproceedings{tran-2011-gatekeeper,
  author="Nguyen Tran and Jinyang Li and Lakshminarayanan Subramanian and Sherman S.M. Chow",
  title= "Optimal Sybil-resilient node admission control",
  booktitle="INFOCOM",
  year=2011
}

@inproceedings{george-2009-sybilinfer,
  title = {{SybilInfer: Detecting Sybil Nodes using Social Networks}},
  author = {George Danezis and Prateek Mittal},
  booktitle = {NDSS}, 
  year = {2009},
}

@techreport{hartmann-2011-dynamic,
  author = {Tanha Hartmann and Dorothea Wagner},
  title = {Fully-Dynamic Cut Tree Construction},
  institution = {Karlsruhe Inst.\ of Technology},
  year = 2011,
  number = {2011,25}
} 

@article{gomory-1961-trees,
  author = {Ralph E. Gomory and T.C. Hu},
  title = {Multi-Terminal Network Flows},
  journal = {SIAM},
  number = 4,
  pages = {551--570},
  volume = 9,
  year = 1961
}


@inproceedings{dandkar-2010-credit,
  author = {Pranav Dandekar and Ashish Goel and Ramesh Govindan and Ian Post},
  title = {Liquidity in Credit Networks: A Little Trust Goes a Long Way},
  booktitle = {NetEcon},
  year = 2010
}

@inproceedings{ghosh-2007-trust,
  author = {Arpita Ghosh and Mohammad Mahdian and Daniel Reeves and David Pennock and Ryan Fugger},
  title = {Mechanism Design on Trust Networks},
  booktitle = {NetEcon},
  year = 2007
}

@article{ford-1956-flow,
  author = "L. R. Ford and D. R. Fulkerson",
  title = "Maximal Flow Through A Network",
  volume = 8,
  year = 1956,
  journal = "Can. J. Math."
}

@inproceedings{goldberg-1986-maxflow,
  author = {A. V. Goldberg and R. E. Tarjan},
  title = {A new approach to the maximum flow problem},
  booktitle = {STOC'86},
  year = 1986,
  address = {Berkeley, CA}
}

@article{dinic-1970-maxflow,
  author = {E. A. Dinic},
  title = {An algorithm for the solution of the max-flow problem with the polynomial estimation},
  journal = {Doklady Akademii Nauk SSSR},
  volume = 194,
  number = 4,
  year = 1970
}

@inproceedings{defigueiredo-2005-trustdavis,
  author = {Dimitri DeFigueiredo and Earl T. Barr},
  title = {TrustDavis: A Non-Exploitable Online Reputation System},
  booktitle = {IEEE E-Commerce},
  year = 2005
}

@inproceedings{yu-2008-sybillimit,
  author = {Haifeng Yu and Phillip B. Gibbons and Michael Kaminsky and Feng Xiao},
  title = {{SybilLimit: A Near-Optimal Social Network Defense against Sybil Attacks}},
  booktitle ={IEEE S\&P},
  year = {2008}
  }
  
@inproceedings{seuken-2011-sybil,
  author = {Sven Seuken and David C. Parkes},
  title = {On the Sybil-Proofness of Accounting Mechanisms},
  booktitle = {NetEcon},
  year = 2011
}


@inproceedings{yu-2006-sybilguard,
  author = {Haifeng Yu and Michael Kaminsky and Phillip B. Gibbons and Abraham Flaxman},
  title = {{SybilGuard: Defending Against Sybil Attacks via Social Networks}},
  booktitle = {SIGCOMM},
  year = {2006} 
  }

@inproceedings{lee-2010-honeypots,
  author = {K. Lee and J. Caverlee and and S. Webb},
  title = {Uncovering social spammers: Social honeypots + machine learning},
  booktitle = {SIGIR},
  year = 2010
}

@inproceedings{irani-2010-spam,
  author = "D. Irani and S. Webb and C. Pu",
  title = "Study of static classification of social spam profiles in MySpace",
  booktitle = {ICWSM},
  year = 2010
}

@inproceedings{stein-2011-immune,
  author = {Tao Stein and Erdong Chen and Karan Mangla},
  title = {Facebook Immune System},
  booktitle = {SNS},
  year = 2011
}

@misc{streitfeld-2011-tripadvisor,
  key = {Ferreting Out Fake Reviews Online},
  author = {David Streitfeld},
  title = {Ferreting Out Fake Reviews Online},
  note = "\url{http://nytimes.com/2011/08/20/technology/finding-fake-reviews-online.html}"
}

@misc{croll-2011-bigdata,
  key = {There's no such thing as big data},
  author = {Alistair Croll},
  title = {There's no such thing as big data},
  note = "\url{http://radar.oreilly.com/2011/08/theres-no-such-thing-as-big-da.html}"
}

@inproceedings{zhang-2011-twitter,
  author = "Chao Michael Zhang and Vern Paxson",
  booktitle = "PAM",
  year = 2011,
  title = "Detecting And Analyzing Automated Activity On Twitter"
}

@inproceedings{nguyen-2009-sumup,
  title = {{Sybil-Resilient Online Content Voting}},
  author = {Nguyen Tran and Bonan Min and Jinyang Li and Lakshminarayanan Subramanian},
  booktitle = {NSDI}, 
  year = {2009} 
}

@inproceedings{douceur-2002-sybil,
  author = {John Douceur},
  title = {The {S}ybil {A}ttack},
  booktitle = {IPTPS},
  year = {2002}
  }

@inproceedings{leskovec-2010-comparison,
 author = {J. Leskovec and K. Lang and M. Mahoney},
 title = {Empirical Comparison of Algorithms for Network Community Detection},
 booktitle = {WWW},
 year = {2010}
 }

@inproceedings{mohaisen-2010-imc,
  author = {Abedelaziz Mohaisen and Aaram Yun And Yongdae Kim},
  title = {Measuring the mixing time of social graphs},
  booktitle = {IMC},
  year = {2010}
}

@inproceedings{quercia-2010-foes,
 author = {Daniele Quercia and Stephen Hailes},
 title = {Sybil Attacks Against Mobile Users: Friends and Foes to the Rescue},
 booktitle = {INFOCOM},
 year = {2010}
 }


@inproceedings{Ceren2011,
  author = "Ceren Buday and Divyakant Agrawal and Amr El Abbadi",
  title = "Limiting the Spread of Misinformation in Social Networks",
  booktitle = "{WWW}",
  month = apr,
  year = 2011
}

@inproceedings{Mack2007,
  author = "G.A. Mack and S. G. Eick and M. A. Clark",
  title = "Models of Trust and Disinformation in the Open Press from 
Model-Driven Linguistic Pattern Analysis",
  booktitle = "{Proc. of the IEEE Aerospace Conference, 2007}",
  month = mar,
  year = 2007
}

@inproceedings{kuhn+lo:dynamic,
 author = {Kuhn, Fabian and Lynch, Nancy and Oshman, Rotem},
 title = {Distributed computation in dynamic networks},
 booktitle = {ACM STOC},
 year = {2010},
 pages = {513--522},
} 

@misc{dutta+prs:dynamic,
  author = {Dutta, C. and Pandurangan, G. and Rajaraman, R. and Sun, Z.},
  title = {Information Spreading in Dynamic Networks},
  note = {arXiv:1112.0384},
  year = {2012},
  month = {April},
  note = {Under review},
}

@misc{haeupler+pprs:discovery,
  author = {Haeupler, B. and Pandurangan, G. and Peleg, D. and Rajaraman, R. and Sun, Z.},
  title = {Discovery through Gossip},
  note = {Preprint},
  year = {2011},
  month = {July},
}

@inproceedings{haeupler:gossip,
 author = {Haeupler, Bernhard},
 title = {Analyzing network coding gossip made easy},
 booktitle = {ACM STOC},
 year = {2011},
 pages = {293--302},
} 

@inproceedings{haeupler+k:dynamic,
 author = {Haeupler, Bernhard and Karger, David},
 title = {Faster information dissemination in dynamic networks via network coding},
 booktitle = {ACM PODC},
 year = {2011},
} 

@inproceedings{OurPODC08,
   key       = {},
   author    = {Nikolaos Laoutaris and Laura J. Poplawski and Rajmohan Rajaraman and Ravi Sundaram and Shang-Hua Teng},
   title     = {Bounded Budget Connection ({BBC}) Games or How to Make Friends and Influence People, on a Budget},
   booktitle   = {PODC},
   pages     = {165-174},
   year      = {2008},
}

@inproceedings{FabrikantLuthraManevaPapadimitriouShenker,
   author    = {Alex Fabrikant and Ankur Luthra and Elitza Maneva and Christos~H. Papadimitriou and Scott Shenker},
   title     = {On a network creation game},
   booktitle   = {PODC},
   year      = {2003},
}

@inproceedings{kintali+prst:fractional,
  author    = {Shiva Kintali and Laura J. Poplawski and Rajmohan Rajaraman and Ravi Sundaram and Shang-Hua Teng},
  title     = {Reducibility Among Fractional Stability Problems},
  booktitle   = {IEEE FOCS},
  year      = {2009},
}

@article{dsouza+m:percolate,
  author = {D'Souza, R.M. and Mitzenmacher, M.},
  title = {Local cluster aggregation models of explosive percolation},
  journal = {Phys Rev Lett.},
  volume = {104},
  number = 9,
  year = 2010,
}


@book{Liggett,
  author = {T. Liggett},
  title = {{Interacting Particle Systems}},
  publisher = {Springer-Verlag},
  year = 1985
}

@article{castellano2003incomplete,
  title={Incomplete ordering of the voter model on small-world networks},
  author={Castellano, C. and Vilone, D. and Vespignani, A.},
  journal={EPL (Europhysics Letters)},
  volume={63},
  pages={153},
  year={2003}
}


@inproceedings{BMZ10b,
  title={Information asymmetries in pay-per-bid auctions},
  author={Byers, J.W. and Mitzenmacher, M. and Zervas, G.},
  booktitle={Proceedings of the 11th ACM conference on Electronic commerce},
  pages={1--12},
  year={2010},
  organization={ACM}
}

@article{Huberman,
  title = {Collective Attention and the Dynamics of Group Deals},
  author = {Ye, M. and Wang, C. and Aperjis, C. and  Huberman, B. and Sandholm, T.},
  journal = {Preprint},
  year = {2011}
}

@inproceedings{andersen2008trust,
   title={Trust-based recommendation systems: an axiomatic approach},
   author={Andersen, R. and Borgs, C. and Chayes, J. and Feige, U. and Flaxman, A. and Kalai, A. and Mirrokni, V. and Tennenholtz, M.},
   booktitle={Proceeding of the 17th international conference on World Wide Web},
   pages={199--208},
   year={2008}
}

@inproceedings{kamvar2003eigentrust,
  title={The Eigentrust algorithm for reputation management in P2P networks},
  author={Kamvar, S.D. and Schlosser, M.T. and Garcia-Molina, H.},
  booktitle={Proceedings of the 12th international conference on World Wide Web},
  pages={640--651},
  year={2003}
}

@techreport{egebark2011like,
  author={Egebark, J. and Ekstr{\"o}m, M.},
  title="{Like What You Like or Like What Others Like? Conformity and Peer Effects on Facebook}",
  type =  "{Research Papers in Economics}",
  number =  "2011:27", 
  institution="Stockholm University",
  year={2011}
}

@inproceedings{bakshy2011everyone,
  title={Everyone's an influencer: quantifying influence on Twitter},
  author={Bakshy, E. and Hofman, J.M. and Mason, W.A. and Watts, D.J.},
  booktitle={Proceedings of the Fourth ACM international Conference on Web Search and Data Mining},
  pages={65--74},
  year={2011}
}

@inproceedings{yang2010understanding,
  title={Understanding retweeting behaviors in social networks},
  author={Yang, Z. and Guo, J. and Cai, K. and Tang, J. and Li, J. and Zhang, L. and Su, Z.},
  booktitle={Proceedings of the 19th ACM International Conference on Information and Knowledge Management},
  pages={1633--1636},
  year={2010}
}

@inproceedings{romero2011differences,
  title={Differences in the mechanics of information diffusion across topics: Idioms, political hashtags, and complex contagion on Twitter},
  author={Romero, D.M. and Meeder, B. and Kleinberg, J.},
  booktitle={Proceedings of the 20th International Conference on World Wide Web},
  pages={695--704},
  year={2011}
}

@inproceedings{yang2010predicting,
  title={Predicting the speed, scale, and range of information diffusion in Twitter},
  author={Yang, J. and Counts, S.},
  booktitle={International AAAI Conference on Weblogs and Social Media},
  pages={355--358},
  year={2010}
}

@article{even2007note,
 title={A note on maximizing the spread of influence in social networks},
 author={Even-Dar, E. and Shapira, A.},
 journal={Internet and Network Economics},
 pages={281--286},
 year={2007},
 publisher={Springer}
}

@article{fu2008reputation,
  title={Reputation-based partner choice promotes cooperation in social networks},
  author={Fu, F. and Hauert, C. and Nowak, M.A. and Wang, L.},
  journal={Physical Review E},
  volume={78},
  number={2},
  pages={026117},
  year={2008},
  publisher={APS}
}

@article{holme2006nonequilibrium,
  title={Nonequilibrium phase transition in the coevolution of networks and opinions},
  author={Holme, P. and Newman, MEJ},
  journal={Physical Review E},
  volume={74},
  number={5},
  pages={056108},
  year={2006},
  publisher={APS}
}

@book{mackay2003information,
  title={Information theory, inference, and learning algorithms},
  author={MacKay, D.J.C.},
  year={2003},
  publisher={Cambridge Univ Pr}
}

@article{byers2003simple,
  title={Simple load balancing for distributed hash tables},
  author={Byers, J. and Considine, J. and Mitzenmacher, M.},
  journal={2nd Int'l Workshop on Peer-to-Peer Systems (IPTPS)},
  pages={80--87},
  year={2003}
}

@article{leicht2009percolation,
  title={Percolation on interacting networks},
  author={Leicht, E.A. and D'Souza, R.M.},
  journal={Arxiv preprint arXiv:0907.0894},
  year={2009}
}

@inproceedings{leskovec2010predicting,
  title={Predicting positive and negative links in online social networks},
  author={Leskovec, J. and Huttenlocher, D. and Kleinberg, J.},
  booktitle={WWW},
  year={2010}
}


