@article{fich+r:impossibility,
  author    = {Faith E. Fich and
               Eric Ruppert},
  title     = {Hundreds of impossibility results for distributed computing},
  journal   = {Distributed Computing},
  volume    = {16},
  number    = {2-3},
  year      = {2003},
  pages     = {121-163},
}

@book{peleg:distributeBook,
 author = {Peleg, David},
 title = {Distributed computing: a locality-sensitive approach},
 year = {2000},
 isbn = {0-89871-464-8},
 publisher = {Society for Industrial and Applied Mathematics},
 address = {Philadelphia, PA, USA},
} 

@inproceedings{awerbuch+p:partition,
  author    = {Baruch Awerbuch and
               David Peleg},
  title     = {Sparse Partitions (Extended Abstract)},
  booktitle = {FOCS},
  year      = {1990},
  pages     = {503-513},
}

@article{erdos1960,
  author = {P. Erd\"{o}s and A. R\'{e}nyi},
  title = {On the evolution of random graphs},
  journal = {Publ. Math.},
  year = {1960},
}

@article{soderberg+inhomo02,
  author = {B. S\"{o}derberg},
  title = {A general formalism for inhomogeneous random graphs},
  journal = {Phys. Rev. E},
  year = {2002},
}

@article{bollobas+inhomo,
  author = {B. Bollob\'{a}s and S. Janson and O. Riordan},
  title = {The phase transition in inhomogeneous random graphs},
  journal = {Random Structures Algorithms},
  year = {2007},
}

@Book{bollobas:percolationBook,
    author      =   {Bollobas, B.},
    title       =   {Percolation Theory},
    year        =   {2006},
    publisher   =   {Cambridge University Press},
}

@Book{stauer+a:percolationBook,
author = {D. Stauer and A. Aharony},
title = {Introduction to Percolation Theory},
year = {1994},
publisher = {Taylor \& Francis, London},
}

@article{solomon+wdjs:percolation,
author = {S. Solomon and G. Weisbuch and L. de Arcangelis and N. Jan and
D. Stauer},
title = {Social percolation models},
journal = {Physica A},
volume = {277},
pages = {239--247}, 
year = {2000},
}

@article{achlioptas+ds:percolation,
author = {Achlioptas, Dimitris and D'Souza, Raissa M. and Spencer, Joel}, 
title = {Explosive Percolation in Random Networks}, 
volume = {323}, 
number = {5920}, 
pages = {1453-1455}, 
year = {2009}, 
journal = {Science} 
}

@ARTICLE{spencer+w:giant,
AUTHOR = {Joel H. Spencer and Nicholas C. Wormald},
TITLE = {Birth control for giants},
JOURNAL = {Combinatorica},
PAGES = {587-628},
YEAR = {2007}  
}

@INPROCEEDINGS{leighton,
    author = {M. Harchol-balter and T. Leighton and D. Lewin},
    title = {Resource Discovery in Distributed Networks},
    booktitle = {ACM Symposium on Principles of Distributed Computing (PODC)},
    year = {1999},
    pages = {229--237}
}

@article{kutten,
  title = {Deterministic Resource Discovery in Distributed Networks},
  author = {S. Kutten and D. Peleg and U. Vishkin},
  journal = {SPAA},
  year = {2001}
}

@article{ittai,
 author = {I. Abraham and D. Dolev},
 title = {Asynchronous resource discovery},
 journal = {Computer Networks},
 volume = {50},
 issue = {10},
 month = {July},
 year = {2006},
 issn = {1389-1286},
 pages = {1616--1629},
 numpages = {14},
}

@unpublished{kumar+rss:moral,
title = "Network effects of risk behavior change following prophylactic interventions",
author = "V.S. A. Kumar and R. Rajaraman and Z. Sun and R. Sundaram",
year = "2011",
month = "November",
note ="Manuscript, under review",
}

@article{cheriyan+s:steiner,
  title = {Hardness and Approximation Results for Packing Steiner Trees},
  author = {J. Cheriyan and M. Salavatipour},
  journal = {Algorithmica},
  year = {2006},
}

@article{charikar+ccdgg:steiner,
  title = {Approximation Algorithms for Directed Steiner Problems},
  author = {M. Charikar and C. Chekuri and T. Cheung and Z. Dai and A. Goel and S. Guha},
  journal = {Journal of Algorithms},
  year = {1998},
}

@inproceedings{zosin+k:steiner,
author = "Zosin, L. and Khuller, S.",
title = "On Directed {Steiner} Trees",
booktitle = "Proceedings of the 13th Annual ACM-SIAM Symposium on
Discrete Algorithms",
year = "2002",
month = "January",
}

@INPROCEEDINGS{sanders+et:flow,
    author = {Peter Sanders and Sebastian Egner and Ludo Tolhuizen},
    title = {Polynomial Time Algorithms for Network Information Flow},
    booktitle = {ACM SPAA},
    year = {2003},
    pages = {286--294}
}

@inproceedings{agarwal+c:coding,
title = "On the advantage of Network Coding for Improving Network Throughput",
author = "Agarwal, A. and Charikar, M.",
booktitle = "Information Theory Workshop",
year = "2004",
}

@inproceedings{halperin+k:steiner,
title={Polylogarithmic inapproximability},
author={E. Halperin and R. Krauthgamer},
booktitle={Proceedings of the 35th ACM Symposium on Theory of Computing},
pages={585--594},
year={2003}
} 

@article{ahlswede+cly:coding,
author = "Ahlswede, R. and Cai, N. and Li, S. and Yeung, R.",
title = "Network information flow",
journal = "Transactions on Information Theory",
volume = "46",
number = "4",
pages = "1204--1216", 
year = "2000",
}

@ARTICLE{Byers02adigital,
    author = {John W. Byers and Michael Luby and Michael Mitzenmacher},
    title = {A Digital Fountain Approach to Asynchronous Reliable Multicast},
    journal = {IEEE Journal on Selected Areas in Communications},
    year = {2002},
    volume = {20},
    pages = {1528--1540}
}

@inproceedings{Shok06,
    author = {Amin Shokrollahi},
    title = {Raptor codes},
    booktitle = {IEEE Trans Inf Theory},
    year = {2006},
    pages = {2551--2567}
}

@article{newman+arbitrarydegree01,
  author = {M.E.J. Newman and S.H. Strogatz and D.J. Watts},
  title = {Random graphs with arbitrary degree distribution and their applications},
  journal = {Physical Review E},
  year = {2001},
}

@article{molloy+arbitrarydegree95,
  author = {M. Molloy and B. Reed},
  title = {A Critical Point for Random Graphs with a Given Degree Sequence},
  journal = {Random Structures and Algorithms},
  year = {1995},
}

@article{molloy+arbitrarydegree98,
  author = {M. Molloy and B. Reed},
  title = {The Size of the Largest Component of a Random Graph on a Fixed Degree Sequence},
  journal = {Combinatorics, Probability and Computing},
  year = {1998},
}

@article{chung+ccsize02,
  author = {F. Chung and L. Lu},
  title = {Connected components in random graphs with given expected degree sequences},
  journal = {Ann. Comb.},
  year = {2002},
}

@article{chung+distance03,
  author = {F. Chung and L. Lu},
  title = {The average distance in a random graph with given expected degrees},
  journal = {Internet Math.},
  year = {2003},
}

@inproceedings{kleinberg+smallworld00,
  author = {J. Kleinberg},
  title = {The small world phenomenon: {A}n algorithmic perspective},
  booktitle = {Proceedings of {STOC}},
  year = {2000},
}

@article{kleinberg+nature00,
  author = {J. Kleinberg},
  title = {Navigation in a small world},
  journal = {Nature},
  year = {2000},
}

@article{barabasi+perferattach99,
  author = {A.L. Barab\'{a}si and R. Albert},
  title = {Emergence of scaling in random networks},
  journal = {Science},
  year = {1999},
}

@INPROCEEDINGS{afek+gr:slide,
    author = {Yehuda Afek and Eli Gafni and Adi Rosen},
    title = {The Slide Mechanism with Applications in Dynamic Networks},
    booktitle = {ACM PODC},
    year = {1992},
    pages = {35--46}
}

@article{awerbuch:adversarial,
  title = {Simple Routing Strategies for Adversarial Systems},
  author = {B. Awerbuch and P. Berenbrink and A. Brinkmann and C. Scheideler},
  journal = {FOCS},
  year = {2002}
}

@article{awerbuch:icalp,
  title = {Anycasting in adversarial systems: Routing and admission control},
  author = {B. Awerbuch and A. Brinkmann and C. Scheideler},
  journal = {ICALP},
  year = {2003}
}

@INPROCEEDINGS{afek+ag:dynamic,                                          
AUTHOR = "Yehuda Afek and Baruch Awerbuch and Eli Gafni",
TITLE = "Applying Static Network Protocols to Dynamic Networks",
booktitle = "FOCS'87", 
PAGES = {358-370}, 
YEAR = {1987},
}      

@inproceedings{awerbuch+l:flow,
author = "Awerbuch, B. and Leighton, F. T.",
title = "Improved Approximation Algorithms for the Multi-commodity
Flow Problem and Local Competitive Routing in Dynamic Networks",
booktitle = "ACM STOC", 
year = "1994",
month = "May",
pages = "487--496",
}

@inproceedings{laoutaris+sbb:selfish,
  author    = {Nikolaos Laoutaris and
               Georgios Smaragdakis and
               Azer Bestavros and
               John W. Byers},
  title     = {Implications of Selfish Neighbor Selection in Overlay Networks},
  booktitle = {INFOCOM},
  year      = {2007},
  pages     = {490-498},
}

@book{bl97,
  title={Introduction to Stochastic Programming},
  author={Birge, J.R. and Louveaux, F.},
  isbn={9780387982175},
  lccn={97006931},
  series={Springer Series in Operations Research},
  url={http://books.google.com/books?id=cfrMw9crazsC},
  year={1997},
  publisher={Springer}
}

@book{be98,
 author = {Borodin, Allan and El-Yaniv, Ran},
 title = {Online computation and competitive analysis},
 year = {1998},
 isbn = {0-521-56392-5},
 publisher = {Cambridge University Press},
 address = {New York, NY, USA},
} 

@inproceedings{chen+mrs:flow,
    author = "Chen, J. and Marathe, M. and Rajaraman, R. and Sundaram, R.",
    title = "The Confluent Capacity of the Internet: {Congestion} vs. Dilation",
    booktitle = "Proceedings of the IEEE International Conference on Distributed Computing Systems",
    year = "2006",
    month = "July",
}

@inproceedings{chen+rs:flow,
author = "Chen, J. and Rajaraman, R. and Sundaram, R.",
title = "Meet and Merge: {A}pproximation Algorithms for Confluent Flows",
booktitle = "Proceedings of the 35th Annual ACM Symposium on Theory of
Computing",
year = "2003",
month = "June",
pages = "373--382",
}

@inproceedings{chen+klrsv:flow,
author = "Chen, J. and Kleinberg, R. and Lov\'asz, L. and Rajaraman, R. and Sundaram, R. and Vetta, A.",
title = "{(Almost)} {Tight} Bounds and Existence Theorems for Confluent Flows",
booktitle = "Proceedings of the 36th Annual ACM Symposium on Theory of
Computing",
year = "2004",
month = "June",
}

@inproceedings{dgrs05,
  author    = {Kedar Dhamdhere and
               Vineet Goyal and
               R. Ravi and
               Mohit Singh},
  title     = {How to Pay, Come What May: Approximation Algorithms for
               Demand-Robust Covering Problems},
  booktitle = {FOCS},
  year      = {2005},
  pages     = {367-378},
}

@inproceedings{gupta+hr:oblivious,
  author    = {Anupam Gupta and
               Mohammad Taghi Hajiaghayi and
               Harald R{\"a}cke},
  title     = {Oblivious network design},
  booktitle = {SODA},
  year      = {2006},
  pages     = {970-979},
}

@InProceedings{jia+nrs:gist,
	author = "Jia, L. and Noubir, G. and Rajaraman, R. and Sundaram, R.",
	title = "{GIST: Group} Independent Spanning Tree for Data Aggregation in Dense Sensor Networks", 
	booktitle = "Proceedings of the International Conference on Distributed Computing in Sensor Systems (DCOSS)", 
	year = 2006,
	month = "June",
}

@inproceedings{jia+lnrs:universal,
author = "Jia, L. and Lin, G. and Noubir, G. and Rajaraman, R. and Sundaram, R.",
title = "Universal Approximations for {TSP}, Steiner Tree, and Set Cover",
booktitle={Proceedings of the 37th Annual ACM Symposium on Theory of Computing (STOC)},
year = "2005",
}

@inproceedings{gkr10,
  author    = {Anupam Gupta and
               Ravishankar Krishnaswamy and
               R. Ravi},
  title     = {Tree Embeddings for Two-Edge-Connected Network Design},
  booktitle = {SODA},
  year      = {2010},
  pages     = {1521-1538},
}

@inproceedings{qw11,
  author    = {Jiawei Qian and
               David P. Williamson},
  title     = {An {\it O}(log{\it n})-Competitive Algorithm for Online
               Constrained Forest Problems},
  booktitle = {ICALP (1)},
  year      = {2011},
  pages     = {37-48},
}

@article{rs06,
  author    = {R. Ravi and
               Amitabh Sinha},
  title     = {Hedging Uncertainty: Approximation Algorithms for Stochastic
               Optimization Problems},
  journal   = {Math. Program.},
  volume    = {108},
  number    = {1},
  year      = {2006},
  pages     = {97-114},
}

@misc{busch+drrs:ust}
  author = {Busch, C. and Dutta, C. and Radhakrishnan, J. and Rajaraman, R. and Srivathsan, S.},
  title = {Split and Join: Strong Partitions and Universal Steiner Trees for Graphs}
  note = {arXiv:1111.4766},
  year = {2012},
  month = {April},
  note = {Under review},
}
